@misc{Ryd97a,note={
A. Ryd, "Form Factor Measurements in B and D Decays", in Proceedings of
the 2nd International Conference on B Physics and CP Violation, Honolulu, 1997.
}}

@misc{Ryd97b,note={
A. Ryd, "Form Factors in B and D Decays", Contributed to the
7th International Symposium on Heavy Flavor Physics, Santa Barbara, 1997.
}}

@misc{Ryd98a,note={
A. Ryd and D. Lange, "The EvtGen package for simulating particle decays",
Contributed to the International Conference on Computing in
High Energy Physics (CHEP'98), Chicago, 1998.
}}

@misc{Goity95a,note={
J.L. Goity and W. Roberts, Phys. Rev. {\bf D51} 3459-3477 (1995)
}}

@misc{Adler87,note={
J.Adler {\it et al.},(MARK III),Phys. Lett. {\bf B196}, 107 (1987).}}

@misc{Akers95,note={
R. Akers {\it et al.}, (OPAL), ``A study of Charm Meson Production 
in Semileptonic B Decays'', 
CERN Preprint No. CERN-PPE/95-02 (1995) (unpublished).}}

@misc{Albrecht89,note={
H. Albrecht {\it et al.}, (ARGUS), Nucl. Inst. Meth. {\bf A275}, 1 (1989).}}

@misc{Albrecht93,note={
H. Albrecht {\it et al.}, (ARGUS), Z. Phys. {\bf C57}, 533 (1993).}}

@misc{Altarelli82,note={
G. Altarrelli {\it et al.}, Nucl. Phys. {\bf B208}, 365 (1982).}}

@misc{Anjos90,note={
J.C. Anjos {\it et al.}, (E691), Phys. Rev. Lett. {\bf 65}, 2630 (1990).}}

@misc{Anjos93,note={
J.C. Anjos {\it et al.}, (E691), Phys. Rev. {\bf D48}, 56 (1993).}} 

@misc{Avery94,note={
P. Avery {\it et al.}, (CLEO), Phys. Lett. {\bf B331}, 236 (1994).}}

@misc{Barish95,note={
B. Barish {\it et al.}, (CLEO), Phys. Rev. {\bf D51}, 1014 (1995).}}

@misc{Barish96,note={
B. Barish {\it et al.}, (CLEO), Phys. Rev. Lett. {\bf 76}, 1570 (1996).}}

@misc{Bonn71,note={
I have lost this reference...
}}

@misc{Booth94,note={
S.P.~Booth, {{\it et al.}}\ (UKQCD), Phys.~Rev.~Lett.~{\bf 72}, 462 (1994);
C.~Bernard, Y.~Shen, and A.~Soni, Phys.~Lett.~B {\bf 317}, 164 (1993);
B.~Blok and M.~Shifman, Phys.~Rev.~D {\bf 47}, 2949 (1993);
other predictions are summarized in Ref.~\cite{Richman95}.}}

@misc{Buskulic95,note={
D. Buskulic {\it et al.}, (ALEPH), Phys. Lett. {\bf B345}, 103 (1995).}}

@misc{Close94,note={
F.E. Close and A. Wambach, Nucl. Phys. {\bf B412}, 169 (1994).}}

@misc{Duni91,note={
I. Dunietz, H. Quinn, A. Snyder, W Toki, and H.J. Lipkin,
		  Phys. Rev. {\bf D43}, 2193 (1991).}}
		  
@misc{Dubo96,note={
J.E. Duboscq {\it et al.}, (CLEO)
		  Phys. Rev. LEtt. {\bf 76}, 3898 (1996).}}
		  
@misc{Cap98,note={
I. Caprini {\it et al.},
		  Nucl.~Phys.~B~{\bf 530}, 153 (1998).}}

@misc{Abe02,note={
K. Abe {\it et al.}, (Belle)
		  Phys.~Lett.~B~{\bf 526}, 247 (2002).}}
		  
@misc{Aliev97,note={
T.M. Aliev, M. Savci and A. Ozpineci, 
		  Phys. Rev. {\bf D56}, 4260 (1997).}}
		  
@misc{Colangelo96,note={
P.Colangelo, F. De Fazio, P. Santorelli and E. Scrimieri 
		  Phys. Rev. {\bf D53}, 3672 (1996).}}		  
		  		  
@misc{Eadi88,note={
See W.T. Eadie {\it et al.}, 
{\it Statistical Methods in Experimental Physics}, 
Elsevier, New York (1988).}} 

@misc{Fox78,note={
G.C. Fox and S. Wolfram, Phys. Rev. Lett. {\bf 41}, 1581 (1978).}}

@misc{Gilman90,note={
F.J. Gilman and R.L. Singleton,  Phys. Rev. {\bf D41}, 142 (1990).}}

@misc{Gangof4,note={
Gangof4.
}}

@misc{AlephRho,note={
The ALEPH collaboration, {\bf CERN-PPE/97013}}}

@misc{3piNote,note={
S. Versill\'e, F. Le Diberder, {CP-Fitting of $B \rightarrow 3\pi$ events (BaBar Note in preparation)}}}

@misc{3piBook,note={
$3\pi$ section of the BaBar Book}}

@misc{AliGreub,note={
A.Ali and C.Greub, Phys.~Lett.~B~{\bf 361}, 146 (1995).}}

@misc{KaganNeubert,note={
A.Kagan and M.Neubert, Euro.~Phys.~Jour~{\bf 7}, 5 1999.}}

@misc{Isgur89a,note={
N. Isgur, D. Scora, B. Grinstein, and M.B. Wise, Phys. Rev. {\bf D39},
799 (1989).}}

@misc{Isgur89b,note={
N. Isgur and M.B. Wise, Phys. Lett. {\bf B232}, 113 (1989).}}

@misc{Isgur90,note={
N. Isgur and M.B. Wise, Phys. Lett. {\bf B237}, 527 (1990).}}

@misc{Jack64,note={
J. D. Jackson, in {\it Les Houches Lectures in High Energy Physics}, 1965
C. DeWitt and M. Jacob, eds. (Goordon and Breach, New York), 1966.}}

@misc{Jaco59,note={
M. Jacob and G. C. Wick, Ann. Phys. {\bf 7}, 404 (1959).}}

@misc{Korner88,note={
J.G. K\"orner and G.A. Schuler, Z. Phys. {\bf C38}, 511 (1988).}}

@misc{Kubota92,note={
Y. Kubota {\it et al.}, (CLEO), Nucl. Instr. and Meth. 
{\bf A320}, 66 (1992).}}

@misc{Lange96,note={
D. Lange and A. Ryd, CLEO Internal Note, CBX 96-6 CSN 95-345 
(1996) (unpublished).}}

@misc{Luke90,note={
M.E. Luke, Phys. Lett. {\bf B252}, 447 (1990).}}

@misc{Menary92,note={
S. Menary, CLEO Internal Note, CBX 92-103 (1992) (unpublished).}}

@misc{Neubert91,note={
M. Neubert, Phys. Lett. {\bf B264}, 455 (1991).}}

@misc{Neubert92,note={
M. Neubert and V. Rieckert, Nucl. Phys. {\bf B382}, 97 (1992).}}

@misc{Neubert93,note={
M. Neubert, Phys. Rep. {\bf 245}, 259 (1993).}}

@misc{Renton90,note={
See P. Renton, {\it Electroweak Interactions}, Cambridge University,
New York (1990).}}

@misc{Rich84,note={
J.D. Richman, Cal. Tech. Preprint CALT-68-1148, (1984) (unpublished).}}

@misc{Richman95,note={
J.D. Richman and P. Burchat, Rev. Mod. Phys. {\bf 67}, 893 (1995).}}

@misc{Sanghera93,note={
S. Sanghera {\it et al.}, (CLEO), Phys. Rev. {\bf D47}, 791 (1993).}}

@misc{Schmidt92,note={
D.M. Schmidt, ``Measurement of Charm Semileptonic Form Factors'',
Ph. D. Thesis, University of California Santa Barbara (1992)
(unpublished).}}

@misc{Sakurai,notes={
J. J. Sakurai, {\it Modern Quantum Mechanics},  
  (Addison-Wesley Publishing Company, Inc.), (1985).}}


@misc{Schmidt93,note={
D.M. Schmidt, R.M. Morrison, and M. Witherell, Nucl. Instr. and Meth. 
{\bf A328}, 547 (1993).}}

@misc{Scora95,note={
D. Scora and  N. Isgur, Phys. Rev. {\bf D52}, 2783 (1995).}}

@misc{Voloshin92,note={
M.B. Voloshin, Phys. Rev. {\bf D46}, 3062 (1992).}}

@misc{Wirbel85,note={
M. Wirbel {\it et al.}, Z. Phys. {\bf C29}, 637 (1985).}}

@misc{Was92,note={
E. Richter-Was, Phys. Lett. {\bf B303}, 163, (1993). }}

@misc{trksim,note={
TRKSIM is a fast Monte Carlo that uses measured efficiencies 
and resolutions to generate parametrized detector response for
events.}}

@misc{hadronic,note={
Hadronic events are identified as having atleast three 
charged tracks and 0.15 $E_{\rm cm}$ energy deposited in the 
calorimeter.}}


@misc{CKM,note={
N. Cabibbo, Phys. Rev. Lett. {\bf 10}, 531 (1963); 
M. Kobayashi and T. Maskawa, Prog. Theor. Phys. {\bf 49}, 652 (1973).}}

@misc{bdlnu,note={
CLEO Collaboration, CLEO-CONF-95-10, EPS0166 (1995).}}

@misc{pdg,note={
Phys. Rev. D 50, 1253 (1994).}}

@misc{pdgckm,note={
Phys. Rev. D 50, 1315 (1994) and references therein.}}


@misc{Kutschke94,note={
R. Kutschke, CLEO Internal Note, CSN 94-334 (1992) (unpublished).}}

@misc{Kutschke96a,note={
R. Kutschke and A. Ryd, CLEO Internal Note, CBX 96-XYZ (1996) (unpublished).}}

@misc{geane,note={
Reference to the GEANE package.}}

@misc{geant,note={
GEANT Detector Description and Simulation Tool, Version 3.15, CERN
Program Library W5103, CERN (1993) (unpublished).}}

@misc{Kutschke96b,note={
R. Kutschke and A.Ryd, CLEO Internal Note, CBX 96-20 (1996) (unpublished).}}

@misc{Avery91,note={
P. Avery, CLEO Internal Note, CBX 91-74 (1991) (unpublished).}}

@misc{Fruhwirth88,note={
R. Fruhwirth, HEPHY-PUB-516/88, 
``Application of Filter Methods to the
                           Reconstruction of Tracks and Vertices in 
                           Events of Experimental High Energy Physics'',
Ph. D. Thesis (1988) (unpublished).}}
 
@misc{Billoir83,note={
P. Billoir, Nucl. Instr. Meth. {\bf 225}, 352 (1983).}}
 
@misc{Billoir90,note={
P. Billoir and S. Qian, Nucl. Instr. Meth. {\bf A225}, 219 (1990).}}
 
@misc{Kalman61,note={
R.E. Kalman, J. Basic Eng. {\bf 82}, 34 (1961);
R.E. Kalman and R.S. Bucy, ibid., 95 (1961).}}
 
@misc{Avery92,note={
P. Avery, CLEO Internal Note, CBX 92-40 (1992) (unpublished).}}

@misc{Jones96,note={
S.L. Jones, ``Semileptonic B Meson to Excited Charm Meson 
Decay'',
Ph. D. Thesis, Cornell University (1996)
(unpublished).}}

@misc{Korchemsky00,note={
G.P.\ Korchemsky, D.\ Pirjol, and T. \ Yan, 
{\em Phys. Rev.\/} {\bf D61}, 114510 (2000).}}

@misc{jetset,note={
T. Sj\"ostrand, Computer Physics Commun. {\bf 82} 74 (1994).}}

@misc{qq,note={
See http://www.lns.cornell.edu/public/CLEO/soft/QQ.
}}

@misc{clhep,note={
What can be referenced for CLHEP?
}}

@misc{root,note={
http://root.cern.ch/
}}



